@article{Wickham2014,
   author = {Hadley Wickham},
   title = {Tidy Data},
   journal = {JSS},
   volume = {59},
   number = {1},
   year = {2014},
}

@Book{Wickham2015,
  author    = {Hadley Wickham},
  title     = {R Packages},
  publisher = {O'Reilly},
  year      = {2015}
}

@article {Arcuri2014,
author = {Arcuri, Andrea and Briand, Lionel},
title = {A Hitchhiker's guide to statistical tests for assessing randomized algorithms in software engineering},
journal = {STVR},
volume = {24},
number = {3},
year = {2014},
}

@inproceedings{Arcuri2011,
 author = {Arcuri, Andrea and Briand, Lionel},
 title = {A Practical Guide for Using Statistical Tests to Assess Randomized Algorithms in Software Engineering},
 booktitle = {Proc. of 33rd ICSE},
 year = {2011},
}

@inproceedings{Walcott2006,
  author    = {Kristen R. Walcott and Mary Lou Soffa and Gregory M. Kapfhammer and Robert S. Roos},
  title     = {Time-aware test suite prioritization},
  booktitle = {Proc. of ISSTA},
  year      = {2006}
}

@Misc{Abrahami2015,
  author    = {Yoav Abrahami},
  title     = {Scaling to {100M}: {MySQL} is a Better {NoSQL}},
  howpublished  = {\url{http://goo.gl/Q9fW5P}},
  note      = {(Accessed 11/12/2015)}
}

@techreport{Acree1979,
  title                = {Mutation Analysis.},
  author               = {Acree, Allen T and Budd, Timothy A and DeMillo, Richard A and Lipton, Richard J and Sayward, Frederick G},
  month                = {September},
  year                 = {1979},
  group                = {Information and Computer Science},
  institution          = {Georgia Institute of Technology, Atlanta GA},
}

@InCollection{Adamopolous2004,
  year      = {2004},
  booktitle = {Genetic and Evolutionary Computation},
  volume    = {3103},
  series    = {Lecture Notes in Computer Science},
  title     = {How to Overcome the Equivalent Mutant Problem and Achieve
          Tailored Selective Mutation Using Co-evolution},
  author    = {Adamopoulos, Konstantinos and Harman, Mark and Hierons,
          Robert M.}
}

@InProceedings{Aichernig2005,
  author    = {Aichernig, B.K. and Salas, P.A.P.},
  booktitle = {{Fifth International Conference on Quality Software, 2005.
          (QSIC 2005).}},
  title     = {{Test case generation by OCL mutation and constraint
          solving}},
  year      = {2005},
  month     = {sept.},
  volume    = {},
  number    = {},
  pages     = {64-71},
  keywords  = { OCL mutation; OCL specification; constraint satisfaction
          problem; constraint solving; fault-based testing; formal
          semantics; state-based specification languages; test case
          generation; constraint theory; formal specification;
          program testing; programming language semantics; software
          fault tolerance; specification languages;},
  optdoi       = {10.1109/QSIC.2005.63},
  optissn      = {1550-6002 }
}

@InProceedings{Ali2011,
  author    = {Ali, S. and Iqbal, M.Z. and Arcuri, A. and Briand, L.},
  booktitle = {{11th International Conference on Quality Software (QSIC),
          2011.}},
  title     = {{A Search-Based OCL Constraint Solver for Model-Based Test
          Data Generation}},
  year      = {2011},
  month     = {july},
  volume    = {},
  number    = {},
  pages     = {41-50},
  keywords  = {complex industrial software systems;genetic
          algorithm;model based test data generation;object
          constraint language;search based OCL constraint
          solver;search heuristics;systematic testing
          solutions;unified modeling language;white box
          testing;Unified Modeling Language;constraint
          handling;formal verification;search problems;},
  optdoi       = {10.1109/QSIC.2011.17},
  optissn      = {1550-6002}
}

@Book{Ambler2006,
  author    = {Scott Ambler and Pramod J. Sadalage},
  title     = {Refactoring Databases: Evolutionary Database Design},
  publisher = {Pearson Education},
  year      = {2006}
}

@Misc{AmblerRegressionTest,
  author    = {Scott Ambler},
  title     = {Database Testing: How to Regression Test a Relational
          Database},
  howpublished  = {\url{http://www.agiledata.org/essays/databaseTesting.html}}
          ,
  note      = {(Accessed 24/01/2014)}
}

@Book{Ammann2008,
  author    = {Ammann, P. and Offutt, J.},
  title     = {Introduction to Software Testing},
  publisher = {Cambridge University Press},
  year      = {2008}
}

@InProceedings{Andrews2005,
  author    = {Andrews, J.H. and Briand, L.C. and Labiche, Y.},
  booktitle = {Proceedings of the 27th International Conference on Software Engineering},
  title     = {Is mutation an appropriate tool for testing experiments?},
  year      = {2005},
  OPTmonth     = {may},
  volume    = {},
  number    = {},
  OPTpages     = { 402 - 411}
}

@Article{Andrews2006,
  author    = {Andrews, J.H. and Briand, L.C. and Labiche, Y. and Namin,
          A.S.},
  journal   = {IEEE Transactions on Software Engineering},
  title     = {Using Mutation Analysis for Assessing and Comparing
          Testing Coverage Criteria},
  year      = {2006},
  month     = {aug. },
  volume    = {32},
  number    = {8},
  pages     = {608 -624},
  keywords  = {empirical assessment;experimental design;industrial
          program;mutation analysis;mutation operators;program
          control criteria;program data flow criteria;program
          debugging;software fault detection probability;software
          testing coverage criteria;data flow analysis;design of
          experiments;probability;program control structures;program
          debugging;program testing;software fault tolerance;},
  optdoi       = {10.1109/TSE.2006.83},
  optissn      = {0098-5589}
}

@InProceedings{Arasu2011a,
  author    = {Arasu, Arvind and Kaushik, Raghav and Li, Jian},
  title     = {{Data generation using declarative constraints}},
  booktitle = {{Proceedings of the 2011 International Conference on
          Management of Data}},
  series    = {SIGMOD '11},
  year      = {2011},
  location  = {Athens, Greece},
  pages     = {685-696},
  numpages  = {12},
  publisher = {ACM},
  address   = {New York, NY, USA},
  keywords  = {benchmarking, constraints, data generation, masking,
          testing}
}

@Article{Arasu2011b,
  author    = {Arasu, Arvind and Kaushik, Raghav and Li, Jian},
  title     = {{DataSynth: Generating Synthetic Data using Declarative
          Constraints}},
  journal   = {{Proceedings of the 37th International Conference Very
          Large Data Bases}},
  volume    = {4},
  number    = {12},
  year      = {2011},
  pages     = {1418-1421}
}

@Article{Barbosa2001,
  author    = {Barbosa, Ellen Francine and Maldonado, Jos√© Carlos and
          Vincenzi, Auri Marcelo Rizzo},
  title     = {Toward the determination of sufficient mutant operators
          for C},
  journal   = {Software Testing, Verification and Reliability},
  volume    = {11},
  number    = {2},
  publisher = {John Wiley & Sons, Ltd.},
  optissn      = {1099-1689},
  pages     = {113--136},
  keywords  = {software testing, mutation testing, sufficient mutant
          operators},
  year      = {2001}
}

@InProceedings{Bati2007,
  author    = {Bati, Hardik and Giakoumakis, Leo and Herbert, Steve and
          Surna, Aleksandras},
  title     = {A genetic approach for random testing of database
          systems},
  booktitle = {Proceedings of the 33rd International Conference on Very
          Large Data Bases},
  year      = {2007},
  OPTpages     = {1243-1251},
}

@InProceedings{Bertin-Mahieux2011,
  author    = {Thierry Bertin-Mahieux and Daniel P.W. Ellis and Brian
          Whitman and Paul Lamere},
  title     = {The Million Song Dataset},
  booktitle = {{Proceedings of the 12th International Conference on Music
          Information Retrieval}},
  year      = {2011},
  timestamp = {2010.03.07}
}

@InProceedings{Binnig2006,
  author    = {Binnig, Carsten and Kossmann, Donald and Lo, Eric},
  title     = { Testing database applications},
  booktitle = {Proceedings Of The 25th ACM Sigmod International
          Conference On Management Of Data / Principles Of Database
          Systems. Chicago},
  year      = {2006},
  pages     = {739--741},
  publisher = {}
}

@InProceedings{Binnig2007,
  author    = {Binnig, Carsten and Kossmann, Donald and Lo, Eric and
          \"{O}zsu, M. Tamer},
  title     = {{QAGen: generating query-aware test databases}},
  booktitle = {{Proceedings of the 2007 ACM SIGMOD International
          Conference on Management of Data}},
  series    = {SIGMOD '07},
  year      = {2007},
  location  = {Beijing, China},
  pages     = {341-352},
  numpages  = {12},
  publisher = {ACM},
  address   = {New York, NY, USA},
  keywords  = {database, query processing, symbolic database, symbolic
          execution, symbolic query processing, testing}
}

@inproceedings{Binnig2007b,
  title={Reverse query processing},
  author={Binnig, Carsten and Kossmann, Donald and Lo, Eric},
  booktitle={Data Engineering, 2007. ICDE 2007. IEEE 23rd International Conference on},
  pages={506--515},
  year={2007},
  organization={IEEE}
}

@InProceedings{Binnig2008,
  author    = {Binnig, Carsten and Kossmann, Donald and Lo, Eric},
  title     = {{Multi-RQP: Generating Test Databases for the Functional
          Testing of {OLTP} Applications}},
  booktitle = {{Proceedings of the 1st International Workshop on Testing
          Database Systems}},
  series    = {DBTest '08},
  year      = {2008},
  location  = {Vancouver, British Columbia, Canada},
  pages     = {5:1-5:6},
  articleno = {5},
  numpages  = {6},
  publisher = {ACM},
  address   = {New York, NY, USA}
}

@Article{Blanco2009,
  author    = {Blanco, Raquel and Tuya, Javier and Adenso-D\'{\i}az,
          Belarmino},
  title     = {Automated test data generation using a Scatter Search
          approach},
  journal   = {Information And Software Technology},
  year      = {2009},
  volume    = {51},
  number    = {4},
  pages     = {708--720}
}

@InProceedings{Bottaci2010,
  author    = {Bottaci, L.},
  booktitle = {Software Testing, Verification, and Validation Workshops
          (ICSTW), 2010 Third International Conference on},
  title     = {Type Sensitive Application of Mutation Operators for
          Dynamically Typed Programs},
  year      = {2010},
  month     = {april},
  volume    = {},
  number    = {},
  pages     = {126 -131}
}

@Article{Brass2006,
  title     = "Semantic errors in {SQL} queries: A quite complete list ",
  journal   = "Journal of Systems and Software",
  volume    = "79",
  number    = "5",
  year      = "2006"
}

@InProceedings{Bruno2005,
  author    = {Bruno, Nicolas and Chaudhuri, Surajit},
  title     = {Flexible Database Generators},
  booktitle = {{Proceedings of the 31st International Conference on Very
          Large Data Bases}},
  OPTseries    = {VLDB '05},
  year      = {2005},
  OPTisbn      = {1-59593-154-6},
  location  = {Trondheim, Norway},
  OPTpages     = {1097-1107},
  numpages  = {11},
  OPTurl       = {http://dl.acm.org/citation.cfm?id=1083592.1083719},
  acmid     = {1083719},
  OPTpublisher = {VLDB Endowment}
}

@Article{Bruno2006,
  author    = {Bruno, N. and Chaudhuri, S. and Thomas, D.},
  journal   = {{IEEE Transactions on Knowledge and Data Engineering}},
  title     = {Generating Queries with Cardinality Constraints for {DBMS}
          Testing},
  year      = {2006},
  OPTmonth     = {dec. },
  volume    = {18},
  number    = {12},
  OPTpages     = {1721-1725},
  keywords  = {DBMS testing;cardinality constraints;database
          techniques;multidimensional histograms;query instance
          generation;database management systems;program
          testing;query processing;},
  optdoi       = {10.1109/TKDE.2006.190},
  OPTissn      = {1041-4347}
}

@InProceedings{Bruno2009,
  author    = {Bruno, Nicolas and Nehme, Rimma V.},
  title     = {{Finding Min-Repros in Database Software}},
  booktitle = {{Proceedings of the Second International Workshop on
          Testing Database Systems}},
  series    = {DBTest '09},
  year      = {2009},
  optisbn      = {978-1-60558-706-6},
  location  = {Providence, Rhode Island},
  pages     = {5:1-5:6},
  articleno = {5},
  numpages  = {6},
  opturl       = {http://doi.acm.org/10.1145/1594156.1594163},
  optdoi       = {10.1145/1594156.1594163},
  acmid     = {1594163},
  publisher = {ACM},
  address   = {New York, NY, USA}
}

@InProceedings{Bruno2010a,
  author    = {Bruno, Nicolas},
  title     = {{Minimizing Database Repros using Language Grammars}},
  booktitle = {{Proceedings of the 13th International Conference on
          Extending Database Technology}},
  series    = {EDBT '10},
  year      = {2010},
  optisbn      = {978-1-60558-945-9},
  location  = {Lausanne, Switzerland},
  pages     = {382-393},
  numpages  = {12},
  opturl       = {http://doi.acm.org/10.1145/1739041.1739088},
  optdoi       = {10.1145/1739041.1739088},
  acmid     = {1739088},
  publisher = {ACM},
  address   = {New York, NY, USA}
}

@InProceedings{Bruno2010b,
  author    = {Bruno, N. and Nehme, R.},
  booktitle = {{IEEE 26th International Conference on Data Engineering
          (ICDE), 2010}},
  title     = {{Mini-Me: A Min-Repro System for Database Software}},
  year      = {2010},
  month     = {march},
  volume    = {},
  number    = {},
  pages     = {1153-1156},
  keywords  = {Mini-Me;application mode;database-specific tools;debugging
          database software;game mode;high-level language;min-repro
          system;record-and-replay functionality;simplification
          transformations;testing database software;database
          management systems;program debugging;program testing;},
  optdoi       = {10.1109/ICDE.2010.5447933}
}

@masterthesis{Brybo2003,
  author = {Brybo, Mattias},
  year = {2003},
  title = {A Mutation Testing Tool for Java Programs},
  school = {Department of Numerical Analysis and Computer Science, KTH Royal Institute Of Technology},
  note = {Masters Thesis, Department of Numerical Analysis and Computer Science, KTH Royal Institute Of Technology},
}

@inproceedings{Budd1980,
  author = {Budd, Timothy A. and DeMillo, Richard A. and Lipton, Richard J. and Sayward, Frederick G.},
  title = {Theoretical and Empirical Studies on Using Program Mutation to Test the Functional Correctness of Programs},
  booktitle = {Proceedings of the 7th ACM SIGPLAN-SIGACT Symposium on Principles of Programming Languages},
  year = {1980},
  pages = {220--233},
}

@Article{Budd1982,
  year      = {1982},
  journal   = {Acta Informatica},
  volume    = {18},
  number    = {1},
  title     = {Two notions of correctness and their relation to testing},
  author    = {Budd, Timothy A. and Angluin, Dana},
  pages     = {31-45}
}

@book{Burnstein2006,
  title={Practical software testing: a process-oriented approach},
  author={Burnstein, Ilene},
  year={2006},
  publisher={Springer Science \& Business Media}
}

@Article{Butler2012,
  author    = {Brandon Butler},
  title     = {Amazon: Our cloud powered {Obama's} campaign},
  journal   = {Network World},
  year      = {2012}
}

@article{Byoungju1993,
  title = "High-performance mutation testing ",
  journal = "Journal of Systems and Software ",
  volume = "20",
  number = "2",
  pages = "135 - 152",
  year = "1993",
  author = "Choi Byoungju and Aditya P Mathur"
}

@InProceedings{Cabot2007,
  author    = {Cabot, Jordi and Claris\'{o}, Robert and Riera, Daniel},
  title     = {{UMLtoCSP: A Tool for the Formal Verification of UML/OCL
          Models using Constraint Programming}},
  booktitle = {{Proceedings of the 22nd IEEE/ACM International Conference
          on Automated Software Engineering}},
  series    = {ASE '07},
  year      = {2007},
  optisbn      = {978-1-59593-882-4},
  location  = {Atlanta, Georgia, USA},
  pages     = {547-548},
  numpages  = {2},
  opturl       = {http://doi.acm.org/10.1145/1321631.1321737},
  optdoi       = {10.1145/1321631.1321737},
  acmid     = {1321737},
  publisher = {ACM},
  address   = {New York, NY, USA},
  keywords  = {MDD, OCL, UML, constraint programming, model
          verification}
}

@InProceedings{Cabot2008,
  author    = {Cabot, J. and Clariso, R. and Riera, D.},
  booktitle = {{IEEE International Conference on Software Testing
          Verification and Validation Workshop, 2008.}},
  title     = {{Verification of UML/OCL Class Diagrams using Constraint
          Programming}},
  year      = {2008},
  month     = {april},
  volume    = {},
  number    = {},
  pages     = {73-80},
  keywords  = {MDA;MDD;OCL class diagrams;UML class diagrams;automatic
          method;constraint programming;constraint satisfaction
          problem;satisfiability;software
          verification;computability;constraint handling;program
          verification;specification languages;},
  optdoi       = {10.1109/ICSTW.2008.54}
}

@InProceedings{Cachia2013,
  author    = {Cachia, Mark Anthony and Micallef, Mark and Colombo,
          Christian},
  year      = {2013},
  location  = {Rome, Italy},
  title     = {Addressing Practical Challenges of Mutation Testing},
  booktitle = {{Validation Strategies for Software Evolution (VSSE)}}
}

@InProceedings{Chan2005,
  author    = {Chan, W. K. and Cheung, S. C. and Tse, T. H.},
  booktitle = {Proceedings of the 5th International Conference on Quality Software},
  title     = {Fault-Based Testing of Database Application Programs with
          Conceptual Data Model},
  year      = {2005},
  keywords  = { SQL statement; conceptual data model; data manipulation;
          database application program; database instances; database
          record; entity-relationship model; fault-based testing;
          SQL; entity-relationship modelling; program testing;},
}

@InProceedings{Chatterjee2004,
  author    = {Chatterjee, R. and Arun, G. and Agarwal, S. and Speckhard,
          B. and Vasudevan, R.},
  booktitle = {Software Engineering, 2004. ICSE 2004. Proceedings. 26th
          International Conference on},
  title     = {Using data versioning in database application
          development},
  year      = {2004},
  month     = {may},
  volume    = {},
  number    = {},
  pages     = { 315 - 325}
}

@InProceedings{Chays2000,
  author    = {Chays, David and Dan, Saikat and Frankl, Phyllis G. and
          Vokolos, Filippos I. and Weber, Elaine J.},
  title     = {A framework for testing database applications},
  booktitle = {Proceedings of the International
          Symposium on Software Testing and Analysis},
  OPTseries    = {ISSTA '00},
  year      = {2000},
  OPTisbn      = {1-58113-266-2},
  location  = {Portland, Oregon, United States},
  OPTpages     = {147--157},
  numpages  = {11}
}

@Article{Chays2004,
  author    = {Chays, David and Deng, Yuetang and Frankl, Phyllis G. and
          Dan, Saikat and Vokolos, Filippos I. and Weyuker, Elaine
          J.},
  title     = {An {AGENDA} for testing relational database applications},
  journal   = {Software Testing, Verification and Reliability},
  volume    = {14},
  number    = {1},
  publisher = {John Wiley & Sons, Ltd.},
  pages     = {17--44},
  year      = {2004}
}

@Article{Chilenski1994,
  author    = {Chilenski, John J. and Miller, Steven P.},
  journal   = {Software Engineering Journal},
  title     = {Applicability of modified condition/decision coverage to
          software testing},
  year      = {1994},
  volume    = {9},
  number    = {5}
}

@TechReport{Chilenski1997,
  author    = {John J. Chilenski and L. A. Richey},
  title     = {Definition for a masking form of modified condition
          decision coverage},
  institution   = {Boeing},
  year      = {1997}
}

@InProceedings{Clark2011,
  author    = {Clark, Sarah R. and Cobb, Jake and Kapfhammer, Gregory M.
          and Jones, James A. and Harrold, Mary Jean},
  title     = {Localizing {SQL} faults in database applications},
  booktitle = {Proceedings of the 26th International
          Conference on Automated Software Engineering},
  OPTseries    = {ASE '11},
  year      = {2011},
  OPTpages     = {213--222},
  numpages  = {10}
}

@Article{Clark2013,
  author    = "John A. Clark and Haitao Dan and Robert M. Hierons",
  title     = {Semantic mutation testing},
  journal   = {Science of Computer Programming},
  volume    = {78},
  number    = {4},
  optpages  = {345--363},
  year      = {2013}
}

@InProceedings{Cobb2011,
  author    = {Jake Cobb and Gregory M. Kapfhammer and James A. Jones and
          Mary Jean Harrold},
  title     = {Dynamic Invariant Detection for Relational Databases},
  booktitle = {Proceedings of the 9th International Workshop on Dynamic
          Analysis},
  optseries = {WODA '11},
  year      = {2011},
  optpages  = {12--17}
}

@Article{Codd1970,
  author    = {Codd, E. F.},
  title     = {A relational model of data for large shared data banks},
  journal   = {CACM},
  year      = {1970},
  volume    = {13},
  issue     = {6},
  optpages  = {377--387}
}

@Article{Cohen2008,
  author    = {Cohen, Sara},
  title     = {{Generating XML Structure using Examples and
          Constraints}},
  journal   = {{Proceedings of the Very Large Data Bases Endowment}},
  issue_date    = {August 2008},
  volume    = {1},
  number    = {1},
  month     = {aug},
  year      = {2008},
  optissn      = {2150-8097},
  pages     = {490-501},
  numpages  = {12},
  opturl       = {http://dx.doi.org/10.1145/1453856.1453910},
  optdoi       = {10.1145/1453856.1453910},
  acmid     = {1453910},
  publisher = {VLDB Endowment}
}

@inproceedings{Curino2008,
    author = {Carlo A. Curino and Letizia Tanca and Hyun J. Moon and Carlo Zaniolo},
    title = {Schema evolution in wikipedia: toward a web information system benchmark},
    booktitle = {International Conference on Enterprise Information Systems (ICEIS)},
    year = {2008}
}

@Misc{DatabeneBenerator,
  author    = {{Volker Bergmann}},
  title     = {Databene Benerator},
  howpublished  = {\url{http://databene.org/databene-benerator.html}},
  note      = {(Accessed 03/07/2012)}
}

@Misc{DatanamicDataGenerator,
  author    = {{Datanamic Solutions}},
  title     = {Datanamic Data Generator MultiDB},
  howpublished  = {\url{http://www.datanamic.com/datagenerator/index.html}},
  note      = {(Accessed 03/07/2012)}
}

@Misc{DataGovUk,
  author    = {{UK Transparency and Open Data team}},
  title     = {{Data.gov.uk}},
  howpublished  = {\url{http://data.gov.uk/}},
  note      = {(Accessed 31/07/2015)}
}

@Misc{DataGov,
  author    = {{U.S. General Services Administration}},
  title     = {{Data.gov}},
  howpublished  = {\url{https://www.data.gov/}},
  note      = {(Accessed 31/07/2015)}
}

@InProceedings{DeLaRiva2010,
  author    = {de la Riva, Claudio and Su\'{a}rez-Cabal, Mar\'{\i}a
          Jos{\'e} and Tuya, Javier},
  title     = {Constraint-based Test Database Generation for {SQL}
          Queries},
  booktitle = {Proceedings of the 5th International Workshop on the Automation of Software
          Test},
  OPTseries    = {AST '10},
  year      = {2010},
  OPTpages     = {67-74},
}

@Article{DeMillo1978,
  author    = {DeMillo, R.A. and Lipton, R.J. and Sayward, F.G.},
  journal   = {Computer},
  title     = {Hints on Test Data Selection: Help for the Practicing
          Programmer},
  year      = {1978},
  OPTmonth     = {April},
  volume    = {11},
  number    = {4},
  optpages  = {34-41},
  keywords  = {},
}

@InProceedings{DeMillo1991,
  author    = {DeMillo, R.A. and Krauser, E.W. and Mathur, A.P.},
  booktitle = {Proceedings of the Fifteenth Annual International Computer
          Software and Applications Conference, (COMPSAC)},
  title     = {Compiler-integrated program mutation},
  year      = {1991},
  month     = {sep},
  volume    = {},
  number    = {},
  pages     = {351-356},
  keywords  = { commercial software systems; compiler; program mutation;
          software testing; testing tools; program compilers; program
          testing; software portability;},
}

@Misc{DevangUNKN,
  author    = {Prof S. Sudarshan and Devang Vira},
  title     = {{Test Data Generation for Killing SQL Mutants}},
  year      = {}
}

@Article{Do2006,
  author    = {Do, H. and Rothermel, G.},
  journal   = {IEEE Transactions on Software Engineering},
  title     = {On the Use of Mutation Faults in Empirical Assessments of
          Test Case Prioritization Techniques},
  year      = {2006},
  OPTmonth     = {sept. },
  volume    = {32},
  number    = {9},
  OPTpages     = {733 -752},
  keywords  = {fault detection;hand-seeded fault;mutation
          fault;regression testing;software life cycle;test case
          prioritization technique;program diagnostics;program
          testing;},
  optdoi       = {10.1109/TSE.2006.92},
  optissn      = {0098-5589}
}

@InProceedings{Dupuy2000,
  author    = {Dupuy, A. and Leveson, N.},
  booktitle = {Proceedings of the 19th Digital Avionics Systems
          Conference},
  title     = {An empirical evaluation of the {MC/DC} coverage criterion
          on the {HETE}-2 satellite software},
  year      = {2000}
}

@Misc{DzoneDatabaseTesting,
  author    = {Szymon Guz},
  title     = {Basic Mistakes in Database Testing},
  howpublished  = {\url{http://goo.gl/ByifeQ}},
  note      = {(Accessed 24/01/2014)}
}

@Misc{DzoneDBMonsterPlaying,
  author    = {Adedayo Ominiyi},
  title     = {Playing with a {DBMonster}},
  howpublished  = {\url{http://java.dzone.com/tips/playing-dbmonster}},
  note      = {(Accessed 24/01/2014)}
}

@inproceedings{Ellims2007,
  author={Ellims, M. and Ince, D. and Petre, Marian},
  booktitle={Testing: Academic and Industrial Conference Practice and Research Techniques (Mutation 2007 workshop)},
  title={The {Csaw C} Mutation Tool: Initial Results},
  year={2007},
  month={Sept},
  pages={185-192},
}

@TechReport{Emmott2006,
  author    = {Stephen Emmott and Stuart Rison},
  title     = {Towards 2020 Science},
  institution   = {Microsoft Research},
  year      = {2006}
}

@InProceedings{Escriva2012,
  author    = {Escriva, Robert and Wong, Bernard and Sirer, Emin G\"{u}n},
  title     = {{HyperDex}: A Distributed, Searchable Key-value Store},
  booktitle = {Proceedings of the International Conference on Applications,
          Technologies, Architectures, and Protocols for Computer
          Communication},
  year      = {2012},
  optpublisher  = {ACM},
  optaddress    = {New York, NY, USA}
}

@InProceedings{Fischer2008,
  author    = {Fischer, Sebastian and Kuchen, Herbert},
  title     = {{Data-Flow Testing of Declarative Programs}},
  booktitle = {{Proceedings of the 13th ACM SIGPLAN International
          Conference on Functional Programming}},
  series    = {ICFP '08},
  year      = {2008},
  optisbn      = {978-1-59593-919-7},
  location  = {Victoria, BC, Canada},
  pages     = {201-212},
  numpages  = {12},
  opturl       = {http://doi.acm.org/10.1145/1411204.1411233},
  optdoi       = {10.1145/1411204.1411233},
  acmid     = {1411233},
  publisher = {ACM},
  address   = {New York, NY, USA},
  keywords  = {code coverage, curry, data flow}
}

@inproceedings{Fleyshgakker1994,
 author = {Fleyshgakker, Vladimir N. and Weiss, Stewart N.},
 title = {Efficient Mutation Analysis: A New Approach},
 booktitle = {Proceedings of the 1994 ACM SIGSOFT International Symposium on Software Testing and Analysis},
 series = {ISSTA '94},
 year = {1994},
 pages = {185--195},
 publisher = {ACM},
}

@Article{Frankl1997,
  title     = "All-uses vs mutation testing: An experimental comparison
          of effectiveness",
  journal   = "Journal of Systems and Software",
  volume    = "38",
  number    = "3",
  pages     = "235 - 253",
  year      = "1997",
  note      = "",
  optissn      = "0164-1212",
  optdoi       = "10.1016/S0164-1212(96)00154-9",
  opturl       = "http://www.sciencedirect.com/science/article/pii/S0164121296001549"
          ,
  author    = "Phyllis G. Frankl and Stewart N. Weiss and Cang Hu"
}

@inproceedings{Fraser2007,
  title={Mutant minimization for model-checker based test-case generation},
  author={Fraser, Gordon and Wotawa, Franz},
  booktitle={Testing: Academic and Industrial Conference Practice and Research Techniques (Mutation 2007 workshop)},
  pages={161--168},
  year={2007},
  organization={IEEE}
}

@inproceedings{Fraser2011,
 author = {Fraser, Gordon and Arcuri, Andrea},
 title = {EvoSuite: Automatic Test Suite Generation for Object-oriented Software},
 booktitle = {Proceedings of the 19th ACM SIGSOFT Symposium and the 13th European Conference on Foundations of Software Engineering},
 series = {ESEC/FSE '11},
 year = {2011},
 optisbn = {978-1-4503-0443-6},
 location = {Szeged, Hungary},
 pages = {416--419},
 numpages = {4},
 publisher = {ACM},
}

@article{Fraser2012,
  title={Mutation-driven generation of unit tests and oracles},
  author={Fraser, Gordon and Zeller, Andreas},
  journal={IEEE Transactions on Software Engineering (TSE)},
  volume={38},
  number={2},
  pages={278--292},
  year={2012},
  publisher={IEEE}
}

@article{Fraser2015,
  year={2015},
  journal={Empirical Software Engineering},
  volume={20},
  number={3},
  title={Achieving scalable mutation-based generation of whole test suites},
  publisher={Springer US},
  author={Fraser, Gordon and Arcuri, Andrea},
  pages={783-812},
}

@InProceedings{Fu2010,
  author    = {Fu, Xiang},
  title     = {{Relational Constraint Driven Test Case Synthesis for Web
          Applications}},
  booktitle = {{Electronic Proceedings in Theoretical Computer Science}},
  year      = {2010},
  volume    = {35},
  pages     = {39-50}
}

@Article{Glass1981,
  author    = {Glass, R. L.},
  title     = {Persistent Software Errors},
  journal   = {IEEE Transactions on Software Engineering},
  volume    = {7},
  number    = {2},
  year      = {1981}
}

@Article{Glass2001,
  author    = {Glass, R.L.},
  journal   = {IEEE Software},
  title     = {Frequently forgotten fundamental facts about software
          engineering},
  year      = {2001},
  volume    = {18},
  number    = {3},
  optpages  = {112-111},
  optissn      = {0740-7459}
}

@InProceedings{Gray1994,
  author    = {Gray, Jim and Sundaresan, Prakash and Englert, Susanne and
          Baclawski, Ken and Weinberger, Peter J.},
  title     = {Quickly generating billion-record synthetic databases},
  booktitle = {Proceedings of the 1994 ACM SIGMOD International
          Conference on Management of data},
  series    = {SIGMOD '94},
  year      = {1994},
  optisbn      = {0-89791-639-5},
  location  = {Minneapolis, Minnesota, United States},
  pages     = {243--252},
  numpages  = {10}
}

@InProceedings{Grun2009,
  author    = {Grun, B.J.M. and Schuler, D. and Zeller, A.},
  booktitle = {4th International Workshop on Mutation Analysis},
  title     = {The Impact of Equivalent Mutants},
  year      = {2009},
  volume    = {},
  number    = {},
  keywords  = {JAXEN XPATH query engine;code coverage;equivalent
          mutants;mutation testing;program semantics;test
          suite;program testing;software engineering;},
  optdoi       = {10.1109/ICSTW.2009.37},
  optissn      = {}
}

@Book{Guilford1942,
  author    = {J.P. Guilford},
  title     = {Fundamental Statistics in Psychology and Education},
  publisher = {McGraw-Hill},
  year      = {1942}
}

@InProceedings{Gupta2010,
  author    = {Gupta, B.P. and Vira, D. and Sudarshan, S.},
  booktitle = {Proceedings of the 26th International Conference on Data
          Engineering},
  title     = {{X-Data}: Generating Test Data for Killing SQL Mutants},
  year      = {2010},
  OPTmonth     = {march},
  volume    = {},
  number    = {},
  OPTpages     = {876-879},
  keywords  = {SQL mutants;SQL query;X-data query;foreign-key
          constraints;formal verification;join mutants;nonequivalent
          mutations;outer-join mutants;query variant;test data
          generation;where-clause predicate mutants;SQL;formal
          verification;query processing;},
  optdoi       = {10.1109/ICDE.2010.5447862}
}

@InProceedings{Haftmann2005,
  author    = {Haftmann, Florian and Kossmann, Donald and Lo, Eric},
  title     = {Parallel execution of test runs for database application
          systems},
  booktitle = {Proceedings of the 31st International Conference on Very
          large data bases},
  series    = {VLDB '05},
  year      = {2005},
  location  = {Trondheim, Norway},
  pages     = {589--600},
  numpages  = {12}
}

@Article{Haftmann2007,
  author    = {Haftmann, Florian and Kossmann, Donald and Lo, Eric},
  title     = {A Framework for Efficient Regression Tests on Database Applications},
  journal   = {The VLDB Journal},
  volume    = {16},
  number    = {1},
  year      = {2007},
  OPTpages     = {145--164},
}

@InProceedings{Halfond2006,
  author    = {William G. J. Halfond and Alessandro Orso},
  title     = {Command-Form Coverage for Testing Database Applications},
  booktitle = {Proceedings of 21st International Conference on Automated Software Engineering},
  year      = {2006},
  optisbn   = {0-7695-2579-2},
  OPTpages     = {69--80},
  optdoi    = {http://dx.doi.org/10.1109/ASE.2006.27},
  optpublisher  = {IEEE Computer Society},
  optaddress    = {Washington, DC, USA}
}

@InCollection{Haller2010,
  author    = {Haller, Klaus},
  affiliation   = {COMIT AG, CH-8004 Z√ºrich, Switzerland},
  title     = {Test Data Provisioning for Database-Driven Applications},
  booktitle = {Data Security and Security Data},
  series    = {Lecture Notes in Computer Science},
  editor    = {MacKinnon, Lachlan},
  publisher = {Springer Berlin / Heidelberg},
  optisbn      = {978-3-642-25703-2},
  keyword   = {Computer Science},
  pages     = {113-117},
  volume    = {6121},
  year      = {2012}
}

@incollection{Harman2001,
  author = {Harman, Mark and Hierons, Rob and Danicic, Sebastian},
  chapter = {The Relationship Between Program Dependence and Mutation Analysis},
  title = {Mutation Testing for the New Century},
  year = {2001},
  optisbn = {0-7923-7323-5},
  pages = {5--13},
}

@Inproceedings{Harman2010,
  author={Harman, M. and Yue Jia and Langdon, W.B.},
  booktitle={Third International Conference on Software Testing, Verification, and Validation Workshops (ICSTW)},
  title={A Manifesto for Higher Order Mutation Testing},
  year={2010},
  month={April},
  pages={80-89},
  optidoi={10.1109/ICSTW.2010.13},
}

@inproceedings{Harman2011,
  title={Strong higher order mutation-based test data generation},
  author={Harman, Mark and Jia, Yue and Langdon, William B},
  booktitle={Foundations of software engineering (FSE)},
  pages={212--222},
  year={2011},
  organization={ACM}
}

@Article{Hierons1999,
  author    = {Hierons, Rob and Harman, Mark and Danicic, Sebastian},
  title     = {Using program slicing to assist in the detection of
          equivalent mutants},
  journal   = {Software Testing, Verification and Reliability},
  volume    = {9},
  number    = {4},
  publisher = {John Wiley & Sons, Ltd.},
  optissn      = {1099-1689},
  opturl       = {http://dx.doi.org/10.1002/(SICI)1099-1689(199912)9:4<233::AID-STVR191>3.0.CO;2-3}
          ,
  optdoi       = {10.1002/(SICI)1099-1689(199912)9:4<233::AID-STVR191>3.0.CO;2-3}
          ,
  pages     = {233--262},
  keywords  = {mutation testing, program slicing, equivalent mutants,
          stubborn mutants},
  year      = {1999}
}

@Article{Hierons2009,
  title     = "Mutation testing from probabilistic and stochastic finite
          state machines ",
  journal   = "Journal of Systems and Software ",
  volume    = "82",
  number    = "11",
  pages     = "1804 - 1818",
  year      = "2009",
  optissn      = "0164-1212",
  optdoi       = "http://dx.doi.org/10.1016/j.jss.2009.06.030",
  opturl       = "http://www.sciencedirect.com/science/article/pii/S0164121209001356"
          ,
  author    = "Robert M. Hierons and Mercedes G. Merayo"
}

@Article{Hoag2007,
  author    = {Hoag, Joseph E. and Thompson, Craig W.},
  title     = {A parallel general-purpose synthetic data generator},
  journal   = {SIGMOD Rec.},
  issue_date    = {March 2007},
  volume    = {36},
  number    = {1},
  month     = mar,
  year      = {2007},
  pages     = {19--24},
  numpages  = {6}
}

@InProceedings{Houkjaer2006,
  author    = {Houkj{\ae}r, Kenneth and Torp, Kristian and Wind, Rico},
  title     = {Simple and Realistic Data Generation},
  booktitle = {Proceedings of the 32nd International Conference on Very
          Large Data Bases},
  optseries = {VLDB '06},
  year      = {2006},
  location  = {Seoul, Korea},
  optpages  = {1243-1246},
  numpages  = {4},
  opturl    = {http://dl.acm.org/citation.cfm?id=1182635.1164254},
  acmid     = {1164254},
  OPTpublisher = {VLDB Endowment}
}

@Article{Howe2012,
  author    = {Bill Howe and Daniel Halperin},
  title     = {Advancing Declarative Query in the Long Tail of Science},
  journal   = {Data Engineering Bulletin},
  year      = {2012},
  volume    = {35},
  number    = {3}
}

@misc{HyperSQL,
  author = {{The hsql Development Group}},
  title = {{HSQLDB homepage}},
  howpublished={\url{http://hsqldb.org/}},
  note = {(Accessed 23/06/2015)},
}

@inproceedings{Inozemtseva2014,
 author = {Inozemtseva, Laura and Holmes, Reid},
 title = {Coverage is Not Strongly Correlated with Test Suite Effectiveness},
 booktitle = {Proc. of 36th ICSE},
 year = {2014},
 OPTisbn = {978-1-4503-2756-5},
 OPTurl = {http://doi.acm.org/10.1145/2568225.2568271},
 OPTdoi = {10.1145/2568225.2568271},
}

@InProceedings{Irvine2007,
  title     = {Jumble {Java} byte code to measure the effectiveness of unit
          tests},
  author    = {Irvine, Sean A and Pavlinic, Tin and Trigg, Leonard and
          Cleary, John G and Inglis, Stuart and Utting, Mark},
  booktitle = {Testing: Academic and Industrial Conference Practice and Research Techniques (Mutation 2007 workshop)},
  pages     = {169--175},
  year      = {2007}
}

@Article{Jackson2002,
  author    = {Jackson, Daniel},
  title     = {Alloy: a lightweight object modelling notation},
  journal   = {ACM Transactions on Software Engineering Methodology},
  issue_date    = {April 2002},
  volume    = {11},
  number    = {2},
  month     = apr,
  year      = {2002},
  optissn      = {1049-331X},
  pages     = {256--290},
  numpages  = {35},
  opturl       = {http://doi.acm.org/10.1145/505145.505149},
  optdoi       = {10.1145/505145.505149},
  acmid     = {505149},
  publisher = {ACM},
  address   = {New York, NY, USA},
  keywords  = {Object models, Z specification language, first-order
          logic}
}

@Article{Jagadish2002,
  author    = {Jagadish, H. V. and Al-Khalifa, S. and Chapman, A. and
          Lakshmanan, L. V. S. and Nierman, A. and Paparizos, S. and
          Patel, J. M. and Srivastava, D. and Wiwatwattana, N. and
          Wu, Y. and Yu, C.},
  title     = {{TIMBER}: A Native {XML} Database},
  journal   = {The VLDB Journal},
  volume    = {11},
  number    = {4},
  year      = {2002}
}

@article{Jazequel1997,
  author={Jazequel, J.-M. and Meyer, B.},
  journal={Computer},
  title={Design by contract: the lessons of Ariane},
  year={1997},
  volume={30},
  number={1},
  pages={129-130},
}

@Inproceedings{Jia2008b,
  author={Yue Jia and Harman, M.},
  booktitle={Testing: Academic and Industrial Conference Practice and Research Techniques (Mutation 2008 workshop)},
  title={MILU: A Customizable, Runtime-Optimized Higher Order Mutation Testing Tool for the Full {C} Language},
  year={2008},
  month={Aug},
  pages={94-98},
  optidoi={10.1109/TAIC-PART.2008.18},
}

@Inproceedings{Jia2008,
  author={Yue Jia and Harman, M.},
  booktitle={Eighth IEEE International Working Conference on Source Code Analysis and Manipulation},
  title={Constructing Subtle Faults Using Higher Order Mutation Testing},
  year={2008},
  month={Sept},
  pages={249-258},
  optidoi={10.1109/SCAM.2008.36},
}

@Article{Jia2009,
  title     = "Higher Order Mutation Testing",
  journal   = "Information and Software Technology",
  volume    = "51",
  number    = "10",
  pages     = "1379-1393",
  year      = "2009",
  optissn      = "0950-5849",
  optdoi       = "10.1016/j.infsof.2009.04.016",
  author    = "Jia, Y. and Harman, M.",
  note = "Source Code Analysis and Manipulation, SCAM 2008",
}

@Article{Jia2011,
  author    = {Jia, Y. and Harman, M.},
  journal   = {TSE},
  title     = {An Analysis and Survey of the Development of Mutation
          Testing},
  year      = {2011},
  volume    = {37},
  number    = {5},
  OPTpages     = {649 -678}
}

@InProceedings{Just2011,
  author    = {Just, Ren{\'e} and Kapfhammer, Gregory M. and Schweiggert,
          Franz},
  title     = {Using conditional mutation to increase the efficiency of
          mutation analysis},
  booktitle = {Proc. 6th AST},
  OPTseries    = {AST 2011},
  year      = {2011}
  optisbn      = {978-1-4503-0592-1},
  location  = {Waikiki, Honolulu, HI, USA},
  OPTpages     = {50--56},
  numpages  = {7},
  opturl       = {http://doi.acm.org/10.1145/1982595.1982606},
  optdoi       = {10.1145/1982595.1982606},
  acmid     = {1982606},
  OPTpublisher = {ACM},
  OPTaddress   = {New York, NY, USA},
  OPTkeywords  = {compiler-integrated, instrumentation, mutation analysis}
}

@InProceedings{Just2011b,
  author    = {Just, Ren\'{e} and Schweiggert, Franz and Kapfhammer,
          Gregory M.},
  title     = {{MAJOR}: An Efficient and Extensible Tool for Mutation
          Analysis in a {Java} Compiler},
  booktitle = {Proceedings of the 26th IEEE/ACM International Conference
          on Automated Software Engineering},
  series    = {ASE '11},
  month     = {November},
  year      = {2011},
  pages     = {50-56}
}

@InProceedings{Just2012,
  author    = {Just, Ren\'{e} and Kapfhammer, Gregory M. and Schweiggert,
          Franz},
  title     = {Do Redundant Mutants Affect the Effectiveness and
          Efficiency of Mutation Analysis?},
  booktitle = {Proceedings of the 7th Workshop on Mutation Analysis},
  year      = {2012}
}

@article{Just2013,
  title={Using state infection conditions to detect equivalent mutants and speed up mutation analysis},
  author={Just, Ren{\'e} and Ernst, Michael D and Fraser, Gordon},
  journal={arXiv preprint arXiv:1303.2784},
  year={2013}
}

@inproceedings{Just2014,
  title={Efficient mutation analysis by propagating and partitioning infected execution states},
  author={Just, Ren{\'e} and Ernst, Michael D and Fraser, Gordon},
  booktitle={Proceedings of the 2014 International Symposium on Software Testing and Analysis (ISSTA)},
  pages={315--326},
  year={2014},
  organization={ACM}
}

@InProceedings{JustJIEHF2014b,
  author    = {Ren{\'e} Just and Darioush Jalali and Laura Inozemtseva
          and Michael D. Ernst and Reid Holmes and Gordon Fraser},
  title     = {Are mutants a valid substitute for real faults in software
          testing?},
  booktitle = {Proceedings of the 22nd International Symposium on the Foundations of
          Software Engineering},
  OPTpages     = {654--665},
  OPTaddress   = {Hong Kong},
  year      = {2014}
}

@Article{Kaminski2013,
  author    = {Kaminski, Gary and Ammann, Paul and Offutt, Jeff},
  title     = {Improving Logic-based Testing},
  journal   = {Journal of Systems and Software},
  volume    = {86},
  number    = {8},
  year      = {2013}
}

@Article{Kapfhammer2003,
  author    = {Kapfhammer, Gregory M. and Soffa, Mary Lou},
  title     = {A family of test adequacy criteria for database-driven
          applications},
  journal   = {SIGSOFT Softw. Eng. Notes},
  issue_date    = {September 2003},
  volume    = {28},
  number    = {5},
  month     = sep,
  year      = {2003},
  OPTissn      = {0163-5948},
  OPTpages     = {98--107},
  numpages  = {10}
}

@inproceedings{Kapfhammer2003a,
  author    = {Gregory M. Kapfhammer and Mary Lou Soffa},
  title     = {A family of test adequacy criteria for database-driven applications},
  booktitle = {Proceedings of the 9th European Software Engineering Conference and the 11th Symposium on the Foundations of Software Engineering},
  year      = {2003}
}

@PhDThesis{kapfhammer2007,
  author    = {Gregory M. Kapfhammer},
  title     = {A Comprehensive Framework for Testing Database-Centric
          Applications},
  school    = {University of Pittsburgh},
  year      = {2007}
}

@InProceedings{Kapfhammer2008,
  author    = {Kapfhammer, Gregory M. and Soffa, Mary Lou},
  title     = {Database-aware test coverage monitoring},
  booktitle = {Proceedings of the 1st India Software Engineering
          Conference},
  year      = {2008},
}

@InProceedings{Kapfhammer2012,
  author    = {Kapfhammer, G.M.},
  booktitle = {Proceedings of the 5th International Conference on Software Testing, Verification and Validation},
  title     = {Towards a Method for Reducing the Test Suites of Database
          Applications},
  year      = {2012},
  OPTmonth     = {april},
  volume    = {},
  number    = {},
  OPTpages     = {964 -965}
}

@InProceedings{Kapfhammer2013,
  author    = "Gregory M. Kapfhammer and Phil McMinn and Chris J. Wright",
  title     = "Search-Based Testing of Relational Schema Integrity
          Constraints Across Multiple Database Management Systems",
  booktitle = "Proc. 6th ICST",
  year      = "2013"
}

@article{Kapoor2006,
  year={2006},
  journal={Innovations in Systems and Software Engineering},
  volume={2},
  number={2},
  title={Formal Analysis of Coupling Hypothesis for Logical Faults},
  author={Kapoor, Kalpesh},
  pages={80-87},

}

@Manual{KendallCran,
  title     = {Kendall: Kendall rank correlation and Mann-Kendall trend
          test},
  author    = {A.I. McLeod},
  year      = {2011},
  note      = {R package version 2.2},
  opturl       = {http://CRAN.R-project.org/package=Kendall}
}

@InProceedings{Khalek2008,
  author    = {Khalek, S.A. and Elkarablieh, B. and Laleye, Y.O. and
          Khurshid, S.},
  booktitle = {Proceedings of the 23rd International Conference on Automated
          Software Engineering},
  title     = {Query-Aware Test Generation Using a Relational Constraint
          Solver},
  year      = {2008},
  OPTmonth     = {Sept.},
  OPTpages     = {238-247},
  keywords  = {ADUSA;Alloy Analyzer;Alloy tool-set;SQL query;black-box
          testing;bugs detection;commercial database management
          system;database management systems;open-source database
          management system;query-aware data generation;query-aware
          test generation;relational constraint solver;SQL;constraint
          handling;program debugging;program testing;public domain
          software;query processing;relational databases;},
  optdoi       = {10.1109/ASE.2008.34},
  OPTissn      = {1527-1366}
}

@InProceedings{Khalek2010,
  author    = {Khalek, Shadi Abdul and Khurshid, Sarfraz},
  title     = {Automated {SQL} Query Generation for Systematic Testing of
          Database Engines},
  booktitle = {{Proceedings of the 25th International Conference on
          Automated Software Engineering}},
  OPTseries    = {ASE},
  year      = {2010},
  OPTpages     = {329-332},
}

@InProceedings{Khalek2011,
  author    = {Khalek, S.A. and Khurshid, S.},
  booktitle = {2011 IEEE Fourth International Conference on Software
          Testing, Verification and Validation},
  title     = {Systematic Testing of Database Engines Using a Relational
          Constraint Solver},
  year      = {2011},
  OPTmonth     = {march},
  OPTpages     = {50 -59},
  keywords  = {ADUSA;DBMS engine;Oracle 11g database;SQL grammar
          constraint;alloy constraint;alloy tool-set;automated SQL
          query generator;automated database testing;database
          engine;database management system;relational constraint
          solver;systematic black-box testing;systematic
          testing;SQL;constraint handling;grammars;program
          testing;query processing;relational databases;},
  optdoi       = {10.1109/ICST.2011.21}
}

@InProceedings{Khalek2011b,
  author    = {Khalek, Shadi Abdul and Narayanan, Vidya Priyadarshini and
          Khurshid, Sarfraz},
  title     = {Mixed constraints for test input generation - An initial
          exploration},
  booktitle = {Proceedings of the 2011 26th IEEE/ACM International
          Conference on Automated Software Engineering},
  series    = {ASE '11},
  year      = {2011},
  optisbn      = {978-1-4577-1638-6},
  pages     = {548--551},
  numpages  = {4}
}

@Article{King1991,
  author    = {King, K. N. and Offutt, A. Jefferson},
  title     = {A Fortran Language System for Mutation-based Software
          Testing},
  journal   = {Software Practice and Experience},
  issue_date    = {June 1991},
  volume    = {21},
  number    = {7},
  month     = jun,
  year      = {1991},
  pages     = {685--718},
  keywords  = {FORTRAN (intermediate code), Mothra, interpreters,
          mutation analysis, software testing}
}

@InProceedings{Kinneer2015,
  author    = {Kinneer, Cody and Kapfhammer, Gregory M. and Wright, Chris J. and McMinn, Phil},
  title     = {Automatically Evaluating the Efficiency of Search-Based Test Data Generation
               for Relational Database Schemas},
  booktitle = {Proceedings of the 27th International Conference on Software Engineering
               and Knowledge Engineering},
  year      = {2015}
}

@InProceedings{Kinneer2015b,
  author    = {Kinneer, Cody and Kapfhammer, Gregory M. and Wright, Chris J. and McMinn, Phil},
  title     = {{expOse}: Inferring Worst-case Time Complexity by Automatic Empirical Study},
  booktitle = {Proceedings of the 27th International Conference on Software Engineering
               and Knowledge Engineering},
  year      = {2015}
}

@article{Ko2011,
 author = {Ko, Andrew J. and Abraham, Robin and Beckwith, Laura and Blackwell, Alan and Burnett, Margaret and Erwig, Martin and Scaffidi, Chris and Lawrance, Joseph and Lieberman, Henry and Myers, Brad and Rosson, Mary Beth and Rothermel, Gregg and Shaw, Mary and Wiedenbeck, Susan},
 title = {The State of the Art in End-user Software Engineering},
 journal = {ACM Computing Surveys},
 volume = {43},
 number = {3},
 year = {2011},
}

@Article{Kraemer2003,
  title     = {Measures of clinical significance},
  author    = {Kraemer, Helena Chmura and Morgan, George A and Leech,
          Nancy L and Gliner, Jeffrey A and Vaske, Jerry J and
          Harmon, Robert J},
  journal   = {Journal of the American Academy of Child \& Adolescent
          Psychiatry},
  volume    = {42},
  number    = {12},
  pages     = {1524--1529},
  year      = {2003},
  publisher = {Elsevier}
}

@InProceedings{Langdon2009,
  author    = {Langdon, W.B. and Harman, M. and Jia, Yue},
  booktitle = {Testing: Academic and Industrial Conference Practice and Research Techniques (Mutation 2009 workshop)},
  title     = {Multi Objective Higher Order Mutation Testing with Genetic
          Programming},
  year      = {2009},
  volume    = {},
  number    = {},
  pages     = {21 -29},
  keywords  = {fault finding;fault injection technique;genetic
          programming;multiobjective higher order mutation
          testing;search based approach;genetic algorithms;program
          testing;software fault tolerance;},
  optdoi       = {10.1109/TAICPART.2009.18},
  optissn      = {}
}

@article{Langdon2010,
  title = "Efficient multi-objective higher order mutation testing with genetic programming ",
  journal = "Journal of Systems and Software ",
  volume = "83",
  number = "12",
  pages = "2416 - 2430",
  year = "2010",
  optissn = "0164-1212",
  optdoi = "http://dx.doi.org/10.1016/j.jss.2010.07.027",
  author = "William B. Langdon and Mark Harman and Yue Jia",
}

@InProceedings{Leitao2008,
  author    = {Leitao, P.S. and Vilela, P.R.S. and Jino, M.},
  booktitle = {{The Third International Conference on Software
          Engineering Advances, 2008}},
  title     = {{Data Flow Testing of SQL-Based Active Database
          Applications}},
  year      = {2008},
  month     = {Oct.},
  volume    = {},
  number    = {},
  pages     = {230-236},
  keywords  = {SQL-based active database application;Structured Query
          Language;active database systems;active rules;data flow
          analysis;data flow testing;database features;fault
          detection;inter-rule persistent data flow
          associations;knowledge domains;persistent data
          requirements;polynomial complexity cost;SQL;active
          databases;data flow analysis;},
  optdoi       = {10.1109/ICSEA.2008.57}
}

@InProceedings{Li2011,
  author    = {Li, Junyi and Chen, Jian and Wei, Ruizhong},
  title     = {{An Automatic Test Database Generation Algorithm Based on
          RQP}},
  booktitle = {{JDCTA: International Journal of Digital Content
          Technology and its Applications}},
  year      = {2011},
  volume    = {5},
  number    = {2},
  pages     = {238-248}
}

@article{Lipton1978,
  author = {Richard J. Lipton and Frederick Gerald Sayward},
  title = {The Status of Research on Program Mutation},
  booktitle = {Proceedings of the Workshop on Software Testing and Test Documentation},
  year = {1978},
  month = {December},
  pages = {355-373}
}

@Article{Lo2010a,
  author    = {Lo, Eric and Cheng, Nick and Hon, Wing-Kai},
  title     = {{Generating Databases for Query Workloads}},
  journal   = {{Proceedings of the Very Large Data Bases Endowment}},
  issue_date    = {September 2010},
  volume    = {3},
  number    = {1-2},
  month     = sep,
  year      = {2010},
  optissn      = {2150-8097},
  pages     = {848-859},
  numpages  = {12},
  opturl       = {http://dl.acm.org/citation.cfm?id=1920841.1920950},
  acmid     = {1920950},
  publisher = {VLDB Endowment}
}

@Article{Lo2010b,
  author    = {Lo, Eric and Binnig, Carsten and Kossmann, Donald and
          Tamer \"{O}zsu, M. and Hon, Wing-Kai},
  title     = {A Framework for Testing {DBMS} Features},
  journal   = {{The Very Large Data Bases Journal}},
  issue_date    = {April 2010},
  volume    = {19},
  number    = {2},
  OPTmonth     = {apr.},
  year      = {2010},
  OPTissn      = {1066-8888},
  OPTpages     = {203-230},
  numpages  = {28},
  OPTurl       = {http://dx.doi.org/10.1007/s00778-009-0157-y},
  optdoi       = {10.1007/s00778-009-0157-y},
  acmid     = {1773678},
  OPTpublisher = {Springer-Verlag New York, Inc.},
  OPTaddress   = {Secaucus, NJ, USA},
  keywords  = {Data generation, Database testing, Symbolic execution,
          Symbolic query processing}
}

@InProceedings{Loebman2009,
  author    = {Sarah Loebman and Dylan Nunley and Yongchul Kwon and Bill
          Howe and Magdalena Balazinska and Jeffrey P. Gardner},
  title     = {Analyzing Massive Astrophysical Datasets: Can
          {Pig}/{Hadoop} or a Relational {DBMS} Help?},
  booktitle = {Proceedings of the Workshop on Interfaces and Abstractions
          for Scientific Data Storage},
  year      = {2009}
}

@Article{Ma2005,
  author    = {Ma, Yu-Seung and Offutt, Jeff and Kwon, Yong Rae},
  title     = {MuJava: an automated class mutation system},
  journal   = {Software Testing, Verification and Reliability},
  volume    = {15},
  number    = {2},
  publisher = {John Wiley & Sons, Ltd.},
  optissn      = {1099-1689},
  opturl       = {http://dx.doi.org/10.1002/stvr.308},
  optdoi       = {10.1002/stvr.308},
  pages     = {97--133},
  keywords  = {object-oriented programs, mutation testing, software
          testing},
  year      = {2005}
}

@inproceedings{Ma2006,
 author = {Ma, Yu-Seung and Offutt, Jeff and Kwon, Yong-Rae},
 title = {MuJava: A Mutation System for Java},
 booktitle = {Proceedings of the 28th International Conference on Software Engineering},
 series = {ICSE '06},
 year = {2006},
 optisbn = {1-59593-375-1},
 location = {Shanghai, China},
 pages = {827--830},
 numpages = {4},
 publisher = {ACM},
 address = {New York, NY, USA},
}

@article{Madeyski2010,
   author = {L. Madeyski},
   author = {N. Radyk},
   ISSN = {1751-8806},
   title = {Judy ‚Äì a mutation testing tool for {Java}},
   journal = {IET Software},
   issue = {1},
   volume = {4},
   year = {2010},
   month = {February},
   pages = {32-42},
   publisher ={Institution of Engineering and Technology},
}

@Book{Maier1983,
  author    = {Maier, D.},
  title     = {The Theory of Relational Databases},
  publisher = {Computer Science Press},
  year      = {1983}
}

@InProceedings{Marick1999,
  author    = {Brian Marick},
  title     = {How to Misuse Code Coverage},
  booktitle = {Proceedings of the 16th International Conference on
          Testing Computer Software},
  year      = {1999}
}

@InProceedings{Mathur1991,
  author    = {Mathur, A.P.},
  booktitle = {Proceedings of the Fifteenth Annual International Computer
          Software and Applications Conference},
  title     = {Performance, effectiveness, and reliability issues in
          software testing},
  year      = {1991},
  volume    = {},
  number    = {},
  keywords  = { dataflow; effectiveness; mutation testing; performance;
          reliability issues; software testing; program testing;
          software reliability;},
  optdoi       = {10.1109/CMPSAC.1991.170248}
}

@Article{McMinn2004,
  author    = "Phil McMinn",
  title     = "Search-Based Software Test Data Generation: A Survey",
  journal   = "Software Testing, Verification and Reliability",
  volume    = "14",
  number    = "2",
  OPTpages     = "105--156",
  OPTmonth     = "June",
  year      = "2004"
}

@article{McMinn2015,
  author  = "McMinn, Phil and Wright, Chris J. and Kapfhammer, Gregory M.",
  title   = "The Effectiveness of Test Coverage Criteria for Relational
             Database Schema Integrity Constraints",
  journal = "TOSEM",
  volume  = "25",
  number  = "1",
  OPTpages   = "8:1--8:49",
  year    = "2015"
}

@Article{Meneely2012,
  title     = {Appendix B: {iTrust} electronic health care system case
          study},
  author    = {Meneely, Andrew and Smith, Ben and Williams, Laurie},
  journal   = {Software and Systems Traceability},
  pages     = {425},
  year      = {2012},
  publisher = {Springer}
}

@InProceedings{Mishra2008,
  author    = {Mishra, Chaitanya and Koudas, Nick and Zuzarte, Calisto},
  title     = {{Generating targeted queries for database testing}},
  booktitle = {{Proceedings of the 2008 ACM SIGMOD International
          Conference on Management of Data}},
  series    = {SIGMOD '08},
  year      = {2008},
  optisbn      = {978-1-60558-102-6},
  location  = {Vancouver, Canada},
  pages     = {499-510},
  numpages  = {12},
  opturl       = {http://doi.acm.org/10.1145/1376616.1376668},
  optdoi       = {10.1145/1376616.1376668},
  acmid     = {1376668},
  publisher = {ACM},
  address   = {New York, NY, USA},
  keywords  = {database testing, query generation}
}

@article{Mresa1999,
  title={Efficiency of mutation operators and selective mutation strategies: An empirical study},
  author={Mresa, Elfurjani S and Bottaci, Leonardo},
  journal={Software Testing Verification and Reliability},
  volume={9},
  number={4},
  pages={205--232},
  year={1999},
}

@InProceedings{MSRChallenge2013,
  author    = {Alberto Bacchelli},
  title     = {Mining Challenge 2013: Stack Overflow},
  booktitle = {Proceedings of the 10th Working Conference on Mining
          Software Repositories},
  year      = {2013}
}

@book{Myers2004,
 author = {Myers, Glenford J. and Sandler, Corey},
 title = {The Art of Software Testing},
 year = {2004},
 publisher = {John Wiley \& Sons},
}

@inproceedings{Nanavati2015,
  title={Mutation testing of memory-related operators},
  author={Nanavati, Jay and Wu, Fan and Harman, Mark and Jia, Yue and Krinke, Jens},
  booktitle={International Conference on Software Testing, Verification and Validation Workshops (ICSTW)},
  pages={1--10},
  year={2015},
  organization={IEEE}
}

@InProceedings{Namin2008,
  author    = {Namin, Akbar Siami and Andrews, James H. and Murdoch,
          Duncan J.},
  title     = {Sufficient mutation operators for measuring test
          effectiveness},
  booktitle = {Proceedings of the 30th International Conference on
          Software Engineering},
  year      = {2008},
  optisbn      = {978-1-60558-079-1},
  numpages  = {10},
  opturl       = {http://doi.acm.org/10.1145/1368088.1368136},
  optdoi       = {10.1145/1368088.1368136},
  acmid     = {1368136},
  keywords  = {mutation analysis, testing effectiveness}
}

@incollection{Neumann2015,
  year={2015},
  OPTisbn={978-3-319-22182-3},
  booktitle={SBSE},
  volume={9275},
  OPTseries={Lecture Notes in Computer Science},
  OPTeditor={Barros, M√°rcio and Labiche, Yvan},
  OPTdoi={10.1007/978-3-319-22183-0_29},
  title={Transformed {V}argha-{D}elaney Effect Size},
  OPTurl={http://dx.doi.org/10.1007/978-3-319-22183-0_29},
  author={Neumann, Geoffrey and Harman, Mark and Poulding, Simon},
  OPTpages={318-324},
}

@inproceedings{Offutt1989,
  author = {Offutt, A.},
  title = {The Coupling Effect: Fact or Fiction},
  booktitle = {Proceedings of the ACM SIGSOFT '89 Third Symposium on Software Testing, Analysis, and Verification},
  year = {1989},
  pages = {131--140},
}

@InProceedings{Offutt1992,
  author    = {A. Jefferson Offutt and Roy P. Pargas and Scott V. Fichter
          and Prashant K. Khambekar},
  title     = {Mutation Testing of Software Using a {MIMD} Computer},
  booktitle = {Proc. of ICPP},
  year      = {1992}
}

@article{Offutt1992b,
  author = {Offutt, A. Jefferson},
  title = {Investigations of the Software Testing Coupling Effect},
  journal = {ACM Trans. Softw. Eng. Methodol.},
  volume = {1},
  number = {1},
  month = jan,
  year = {1992},
  pages = {5--20},
}

@InProceedings{Offutt1993,
  author    = {Offutt, A. Jefferson and Rothermel, Gregg and Zapf,
          Christian},
  title     = {An experimental evaluation of selective mutation},
  booktitle = {Proceedings of the 15th International Conference on
          Software Engineering},
  year      = {1993},
  optisbn      = {0-89791-588-7},
  location  = {Baltimore, Maryland, United States},
  numpages  = {8},
  opturl       = {http://dl.acm.org/citation.cfm?id=257572.257597},
  acmid     = {257597}
}

@article{Offutt1994,
  author = {A. Jefferson Offutt and W. Michael Craft},
  title = {Using Compiler Optimization Techniques to Detect Equivalent Mutants},
  journal = {The Journal of Software Testing, Verification, and Reliability},
  year = {1994},
  volume = {4},
  pages = {131--154}
}

@inproceedings{Offutt1994b,
 author = {Offutt, A. Jefferson},
 title = {A Practical System for Mutation Testing: Help for the Common Programmer},
 booktitle = {Proceedings of the 1994 International Conference on Test},
 year = {1994},
 pages = {824--830},
}

@TechReport{Offutt1996,
  author    = {Offutt, A. Jefferson and Voas, Jeff and Payne, Jeff},
  title     = {Mutation operators for {Ada}},
  institution   = {Department of Information and Software Systems
          Engineering, George Mason University},
  year      = {1996}
}

@Article{Offutt1996b,
  author    = {Offutt, A. Jefferson and Lee, Ammei and Rothermel, Gregg
          and Untch, Roland H. and Zapf, Christian},
  title     = {An Experimental Determination of Sufficient Mutant
          Operators},
  journal   = {ACM Transactions on Software Engineering Methodology},
  issue_date    = {April 1996},
  volume    = {5},
  number    = {2},
  year      = {1996},
  pages     = {99--118},
  numpages  = {20},
}

@Article{Offutt1997,
  author    = {Offutt, A. Jefferson and Pan, Jie},
  title     = {Automatically detecting equivalent mutants and infeasible
          paths},
  journal   = {Software Testing, Verification and Reliability},
  volume    = {7},
  number    = {3},
  publisher = {John Wiley & Sons, Ltd},
  optissn      = {1099-1689},
  opturl       = {http://dx.doi.org/10.1002/(SICI)1099-1689(199709)7:3<165::AID-STVR143>3.0.CO;2-U}
          ,
  optdoi       = {10.1002/(SICI)1099-1689(199709)7:3<165::AID-STVR143>3.0.CO;2-U}
          ,
  pages     = {165--192},
  keywords  = {software testing, mutation testing, constraints, feasible
          path analysis},
  year      = {1997}
}

@Article{Offutt2001,
  title     = {Mutation 2000: Uniting the Orthogonal},
  author    = {Offutt, A.J. and Untch, R.J.},
  journal   = {Proc. of Mutation},
  OPTpages     = {45--55},
  year      = {2001}
}

@article{Offutt2004,
 author = {Offutt, Jeff and Ma, Yu-Seung and Kwon, Yong-Rae},
 title = {An Experimental Mutation System for Java},
 journal = {SIGSOFT Softw. Eng. Notes},
 issue_date = {September 2004},
 volume = {29},
 number = {5},
 month = sep,
 year = {2004},
 pages = {1--4},
 publisher = {ACM},
 address = {New York, NY, USA},
}

@InProceedings{Olston2009,
  author    = {Olston, Christopher and Chopra, Shubham and Srivastava,
          Utkarsh},
  title     = {{Generating Example Data for Dataflow Programs}},
  booktitle = {{Proceedings of the 35th SIGMOD International Conference
          on Management of Data}},
  series    = {SIGMOD '09},
  year      = {2009},
  optisbn      = {978-1-60558-551-2},
  location  = {Providence, Rhode Island, USA},
  pages     = {245-256},
  numpages  = {12},
  opturl       = {http://doi.acm.org/10.1145/1559845.1559873},
  optdoi       = {10.1145/1559845.1559873},
  acmid     = {1559873},
  publisher = {ACM},
  address   = {New York, NY, USA},
  keywords  = {dataflow programming, example data}
}

@article{Ostrand1984,
  title = "Collecting and categorizing software error data in an industrial environment ",
  journal = "Journal of Systems and Software ",
  volume = "4",
  number = "4",
  pages = "289 - 300",
  year = "1984",
  author = "Thomas J. Ostrand and Elaine J. Weyuker"
}

@InProceedings{Pan2011a,
  author    = {Pan, Kai and Wu, Xintao and Xie, Tao},
  title     = {{Database State Generation via Dynamic Symbolic Execution
          for Coverage Criteria}},
  booktitle = {{Proceedings of the Fourth International Workshop on
          Testing Database Systems}},
  series    = {DBTest '11},
  year      = {2011},
  optisbn      = {978-1-4503-0655-3},
  location  = {Athens, Greece},
  pages     = {4:1-4:6},
  articleno = {4},
  numpages  = {6},
  opturl       = {http://doi.acm.org/10.1145/1988842.1988846},
  optdoi       = {10.1145/1988842.1988846},
  acmid     = {1988846},
  publisher = {ACM},
  address   = {New York, NY, USA},
  keywords  = {coverage criteria, database state generation, dynamic
          symbolic execution}
}

@InProceedings{Pan2011b,
  author    = {Kai Pan and Xintao Wu and Tao Xie},
  booktitle = {Proceedings of the 26th International Conference
          on Automated Software Engineering},
  title     = {Generating Program Inputs for Database Application
          Testing},
  year      = {2011},
  optpages  = {73 -82},
  keywords  = {.NET;Microsoft Research;Pex;code coverage;database
          application testing;executed SQL queries;fault
          detection;program code portion;program input
          constraints;program input generation;quality
          assurance;query formulation;query results;symbolic
          execution;white box testing tool;database management
          systems;program compilers;program testing;query
          processing;software fault tolerance;},
  optdoi       = {10.1109/ASE.2011.6100152}
}

@Book{Pascal2000,
  author    = {Fabian Pascal},
  title     = {Practical Issues in Database Management: A Reference for
          the Thinking Practitioner},
  publisher = {Addison-Wesley},
  year      = {2000}
}

@article{Papadakis2015,
  title={Trivial Compiler Equivalence: A Large Scale Empirical Study of a Simple, Fast and Effective Equivalent Mutant Detection Technique},
  author={Papadakis, Mike and Jia, Yue and Harman, Mark and Le Traon, Yves},
  journal={37th International Conference on Software Engineering (ICSE)},
  year={2015}
}

@Article{Ploski2007,
  author    = {Ploski, Jan and Rohr, Matthias and Schwenkenberg, Peter
          and Hasselbring, Wilhelm},
  title     = {Research Issues in Software Fault Categorization},
  journal   = {SIGSOFT Software Engineering Notes},
  volume    = {32},
  number    = {6},
  year      = {2007}
}

@InProceedings{Poess2004,
  author    = {Poess, Meikel and Stephens,Jr., John M.},
  title     = {{Generating Thousand Benchmark Queries in Seconds}},
  booktitle = {{Proceedings of the Thirtieth International Conference on
          Very Large Data Bases}},
  volume    = {30},
  series    = {VLDB '04},
  year      = {2004},
  optisbn      = {0-12-088469-0},
  location  = {Toronto, Canada},
  pages     = {1045-1053},
  numpages  = {9},
  opturl       = {http://dl.acm.org/citation.cfm?id=1316689.1316779},
  acmid     = {1316779},
  publisher = {VLDB Endowment}
}

@Misc{PostgreSQL,
  author    = {{PostgreSQL Project}},
  title     = {Frequently asked questions},
  howpublished  = {\url{http://www.postgresql.org/about/press/faq/}},
  note      = {(Accessed 21/11/2012)}
}

@misc{PostgreSQL2,
  author = {{PostgreSQL Project}},
  title = {{About PostgreSQL}},
  howpublished={\url{http://www.postgresql.org/about/}},
  note = {(Accessed 17/12/2012)},
}

@InProceedings{Qiu2013,
  author    = {Qiu, Dong and Li, Bixin and Su, Zhendong},
  title     = {An Empirical Analysis of the Co-evolution of Schema and
          Code in Database Applications},
  booktitle = {Proceedings of the 21st International Symposium on the Foundations of
          Software Engineering},
  optseries = {ESEC/FSE},
  year      = {2013},
  OPTisbn      = {978-1-4503-2237-9}
}

@InProceedings{Rabl2010,
  author    = {Rabl, Tilmann and Frank, Michael and Sergieh, Hatem
          Mousselly and Kosch, Harald},
  title     = {A data generator for cloud-scale benchmarking},
  booktitle = {Proceedings of the Second TPC technology Conference on
          Performance evaluation, measurement and characterization of
          complex systems},
  series    = {TPCTC'10},
  year      = {2011},
  optisbn      = {978-3-642-18205-1},
  location  = {Singapore},
  pages     = {41--56},
  numpages  = {16}
}

@InProceedings{Rabl2011,
  author    = {Rabl, Tilmann and Poess, Meikel},
  title     = {Parallel data generation for performance analysis of
          large, complex RDBMS},
  booktitle = {Proceedings of the Fourth International Workshop on
          Testing Database Systems},
  series    = {DBTest '11},
  year      = {2011},
  optisbn      = {978-1-4503-0655-3},
  location  = {Athens, Greece},
  pages     = {5:1--5:6},
  articleno = {5},
  numpages  = {6}
}

@Article{Ran2009,
  title     = {Building Test Cases and Oracles to Automate the Testing of
          Web Database Applications},
  journal   = {{Information and Software Technology}},
  volume    = {51},
  number    = {2},
  pages     = {460-477},
  year      = {2009},
  note      = {},
  optissn      = {0950-5849},
  optdoi       = {10.1016/j.infsof.2008.05.016},
  opturl       = {http://www.sciencedirect.com/science/article/pii/S0950584908000840}
          ,
  author    = {Lihua Ran and Curtis Dyreson and Anneliese Andrews and
          Ren√©e Bryce and Christopher Mallery},
  keywords  = {Functional testing}
}

@Misc{RedGateDataGenerator,
  author    = {{Red Gate Software}},
  title     = {SQL Data Generator 2},
  howpublished  = {\url{http://www.red-gate.com/products/sql-development/sql-data-generator/}}
          ,
  note      = {(Accessed 03/07/2013)}
}

@InProceedings{Riaz2011,
  author    = {Riaz, Mehwish and Mendes, Emilia and Tempero, Ewan},
  title     = {{Towards Predicting Maintainability for Relational
          Database-Driven Software Applications: Extended Evidence
          from Software Practitioners}},
  booktitle = {{International Journal of Software Engineering and Its
          Applications}},
  year      = {2011},
  volume    = {5},
  number    = {2}
}

@InProceedings{Schuler2009,
  author    = {Schuler, David and Zeller, Andreas},
  title     = {Javalanche: {Efficient mutation testing for Java}},
  booktitle = {Proceedings of the 7th Joint Meeting on Foundations of
          Software Engineering},
  year      = {2009}
}

@InProceedings{Schuler2009b,
  author    = {Schuler, David and Dallmeier, Valentin and Zeller,
          Andreas},
  title     = {Efficient mutation testing by checking invariant
          violations},
  booktitle = {Proceedings of the Eighteenth International Symposium on
          Software Testing and Analysis},
  year      = {2009}
}

@InProceedings{Schuler2010,
  author    = {Schuler, D. and Zeller, A.},
  booktitle = {Proceedings of the Third International Conference on
          Software Testing, Verification and Validation},
  title     = {(Un-)Covering Equivalent Mutants},
  year      = {2010},
  pages     = {45-54},
  keywords  = {Java;program testing;public domain software;Java
          programs;artificial defects;equivalent mutants;mutation
          testing measures;open source JAVALANCHE framework;program
          semantics;Costs;Detectors;Genetic mutations;Java;Software
          measurement;Software quality;Software testing;Time
          measurement;code coverage;dynamic analysis;mutation
          testing},
  optdoi       = {10.1109/ICST.2010.30}
}

@InProceedings{Shah2011,
  author    = {Shah, S. and Sudarshan, S. and Kajbaje, S. and Patidar, S.
          and Gupta, B.P. and Vira, D.},
  booktitle = {Proceedings of the 27th International Conference on Data Engineering},
  title     = {Generating Test Data for Killing {SQL} Mutants: A
          Constraint-Based Approach},
  year      = {2011},
  OPTmonth     = {April},
  volume    = {},
  number    = {},
  OPTpages     = {1175-1186},
  keywords  = {SQL mutants;SQL queries;aggregation operation
          mutations;comparison operator mutations;constraint-based
          approach;correctness checking;error modelling;formal
          verification;outer-join mutations;query mutation
          approach;test data generation;SQL;formal verification;query
          processing;},
  optdoi       = {10.1109/ICDE.2011.5767876},
  OPTissn      = {1063-6382}
}

@InProceedings{Shahriar2008,
  author    = {Shahriar, H. and Zulkernine, M.},
  booktitle = {{The Eighth International Conference on Quality Software,
          2008.}},
  title     = {{MUSIC: Mutation-based SQL Injection Vulnerability
          Checking}},
  year      = {2008},
  month     = {aug.},
  volume    = {},
  number    = {},
  pages     = {77-86},
  keywords  = {Java Server Pages;authentication bypassing;mutation
          analysis;mutation-based SQL injection vulnerability
          checking;mutation-based testing approach;private
          information;source code;Java;SQL;program compilers;program
          testing;security of data;},
  optdoi       = {10.1109/QSIC.2008.33},
  optissn      = {1550-6002}
}

@inproceedings{Shooman1975,
  author = {Shooman, M. L. and Bolsky, M. I.},
  title = {Types, Distribution, and Test and Correction Times for Programming Errors},
  booktitle = {Proceedings of the International Conference on Reliable Software},
  year = {1975},
  pages = {347--357},
}

@Book{Silberschatz2010,
  author    = {Abraham Silberschatz and Henry F. Korth and S. Sudarshan},
  title     = {Database System Concepts},
  publisher = {McGraw-Hill},
  year      = {2010},
  edition   = {6th}
}

@InProceedings{Slutz1998,
  author    = {Slutz, Donald R.},
  title     = {Massive Stochastic Testing of {SQL}},
  booktitle = {Proceedings of the 24rd International Conference on Very
          Large Data Bases},
  OPTseries    = {VLDB '98},
  year      = {1998},
  OPTisbn      = {1-55860-566-5},
  OPTpages     = {618--622},
  OPTnumpages  = {5}
}

@InProceedings{Smaragdakis2007,
  author    = {Smaragdakis, Yannis and Csallner, Christoph and
          Subramanian, Ranjith},
  title     = {{Scalable Automatic Test Data Generation from Modeling
          Diagrams}},
  booktitle = {{Proceedings of the twenty-second IEEE/ACM International
          Conference on Automated Software Engineering}},
  series    = {ASE '07},
  year      = {2007},
  optisbn      = {978-1-59593-882-4},
  location  = {Atlanta, Georgia, USA},
  pages     = {4-13},
  numpages  = {10},
  opturl       = {http://doi.acm.org/10.1145/1321631.1321635},
  optdoi       = {10.1145/1321631.1321635},
  acmid     = {1321635},
  publisher = {ACM},
  address   = {New York, NY, USA},
  keywords  = {NP-hardness, ORM, ORM-modeling, test databases}
}

@InProceedings{Smith2007,
  author    = {Smith, B.H. and Williams, L.},
  booktitle = {Proceedings of the Testing: Academic and Industrial
          Conference - Practice and Research Techniques and the
          International Workshop on Mutation Analysis},
  title     = {An Empirical Evaluation of the {MuJava} Mutation
          Operators},
  year      = {2007}
}

@misc{SQLite,
  author = {{SQLite Developers}},
  title = {Most widely deployed {SQL} database engine},
  howpublished={\url{http://www.sqlite.org/mostdeployed.html}},
  note = {(Accessed 21/11/2012)},
}

@misc{SQLite2,
  author = {{SQLite Developers}},
  title = {Frequently Asked Questions},
  howpublished={\url{http://www.sqlite.org/faq.html\#q5}},
  note = {(Accessed 21/12/2012)},
}

@Misc{SQLiteDBMS,
  author    = {{SQLite Developers}},
  title     = {The {SQLite} {DBMS}},
  howpublished  = {\url{http://www.sqlite.org/}},
  note      = {(Accessed 1/7/2014)}
}

@Misc{SQLitePK,
  title     = {{SQL} As Understood By {SQLite}},
  howpublished  = {\url{http://www.sqlite.org/lang\_createtable.html\#primkeyconst}}
          ,
  note      = {[Online; accessed 24-June-2014]}
}

@misc{SQLStandard99-2,
   Key = {{ANSI/ISO/IEC International Standard -- ISO/IEC 9075-2:1999}},
   publisher = {{ANSI/ISO/IEC International Standard}},
   type = {{Norm}},
   title = {{Database Language SQL ‚Äî Part 2: Foundation (SQL/Foundation)}},
   number = {{ISO/IEC 9075-2:1999}},
   year = {{1999}},
}

@InProceedings{Staats2012,
  author    = {Staats, Matt and Gay, Gregory and Heimdahl, Mats P. E.},
  title     = {Automated oracle creation support, or: how {I} learned to
          stop worrying about fault propagation and love mutation
          testing},
  booktitle = {Proceedings of the 2012 International Conference on
          Software Engineering},
  series    = {ICSE 2012},
  year      = {2012},
  pages     = {870--880},
  numpages  = {11}
}

@InProceedings{Stephens2004,
  author    = {Stephens, John M. and Poess, Meikel},
  title     = {MUDD: a multi-dimensional data generator},
  booktitle = {Proceedings of the 4th International Workshop on Software
          and Performance},
  series    = {WOSP '04},
  year      = {2004},
  optisbn      = {1-58113-673-0},
  location  = {Redwood Shores, California},
  pages     = {104--109},
  numpages  = {6}
}

@Article{Stonebraker2010,
  author    = {Stonebraker, Michael and Abadi, Daniel and DeWitt, David
          J. and Madden, Sam and Paulson, Erik and Pavlo, Andrew and
          Rasin, Alexander},
  title     = {{MapReduce} and Parallel {DBMS}s: Friends or Foes?},
  journal   = {Communications of the ACM},
  volume    = {53},
  number    = {1},
  year      = {2010},
}

@article{Stonebraker2010,
 author                   = {Stonebraker, Michael},
 title                    = {{SQL} Databases V. {NoSQL} Databases},
 journal                  = {Communications of the ACM},
 volume                   = {53},
 number                   = {4},
 year                     = {2010},
}

@InProceedings{SuarezCabal2003,
  author    = {Su\'{a}rez-Cabal, Mar\'{\i}a Jos{\'e} and Tuya, Javier},
  booktitle = {Software Technology and Engineering Practice, 2003.
          Eleventh Annual International Workshop on},
  title     = {Improvement of test data by measuring SQL statement
          coverage},
  year      = {2003},
  month     = {sept.},
  volume    = {},
  number    = {},
  pages     = { 234 - 240}
}

@InProceedings{SuarezCabal2004,
  author    = {Su\'{a}rez-Cabal, Mar\'{\i}a Jos{\'e} and Tuya, Javier},
  title     = {Using an SQL Coverage Measurement for Testing Database
          Applications},
  booktitle = {Proc. the ACM SIGSOFT Symp. on the Foundations of Software
          Engineering, October 2004, ACM},
  year      = {2004},
  pages     = {253--262},
  publisher = {Press}
}

@InProceedings{Taneja2010,
  author    = {Taneja, Kunal and Zhang, Yi and Xie, Tao},
  title     = {{MODA: Automated Test Generation for Database Applications
          via Mock Objects}},
  booktitle = {{Proceedings of the IEEE/ACM International Conference on
          Automated Software Engineering}},
  series    = {ASE '10},
  year      = {2010},
  optisbn      = {978-1-4503-0116-9},
  location  = {Antwerp, Belgium},
  pages     = {289-292},
  numpages  = {4}
}

@Article{Tay2013,
    author             = {Tay, Y. C. and Dai, Bing Tian and Wang, Daniel T. and Sun, Eldora Y. and Lin, Yong and Lin, Yuting},
    title              = "{UpSizeR}: Synthetically scaling an empirical relational
        database",
    journal            = "Information Systems",
    volume             = "38",
    number             = "8",
    year               = "2013"
}

@Misc{TensionDataCreator,
  author    = {{Tension Software}},
  title     = {Data Creator},
  howpublished  = {\url{http://www.tensionsoftware.com/osx/datacreator/}},
  note      = {(Accessed 05/07/2012)}
}

@Misc{ThinkUIDataGenerator,
  author    = {{ThinkUI Software}},
  title     = {ThinkUI Data Generator},
  howpublished  = {\url{http://www.thinkui.com/datagen/index.html}},
  note      = {(Accessed 03/07/2012)}
}

@InProceedings{Tokumoto2016,
  author = {Tokumoto, S. and Yoshida, H., and Kazunori Sakamoto, and Honiden, S.},
  title = {{MuVM}: Higher Order Mutation Analysis Virtual Machine for {C}},
  booktitle = {Proc. of 9th ICST},
  year = {2016}
}

@InProceedings{Tuya2006,
  author    = {Tuya, Javier and Su\'{a}rez-Cabal, Mar\'{\i}a Jos{\'e} and
          de la Riva, Claudio},
  title     = {{SQLMutation}: A Tool to Generate Mutants of {SQL}
          Database Queries},
  booktitle = {{Proceedings of the Second Workshop on Mutation
          Analysis}},
  year      = {2006}
}

@Article{Tuya2007,
  title     = "Mutating Database Queries",
  journal   = "IST",
  volume    = "49",
  number    = "4",
  optpages  = "398 - 417",
  year      = "2006",
  author    = "Javier Tuya and Su\'{a}rez-Cabal, Mar\'{\i}a Jos{\'e} and
          Claudio de la Riva"
}

@Article{Tuya2008,
  author    = {Tuya, Javier and Dolado, Javier and Su\'{a}rez-Cabal,
          Mar\'{\i}a Jos{\'e} and de la Riva, Claudio},
  title     = {{A Controlled Experiment on White-box Database Testing}},
  journal   = {{SIGSOFT Software Engineering Notes}},
  issue_date    = {January 2008},
  volume    = {33},
  number    = {1},
  month     = jan,
  year      = {2008},
  optissn      = {0163-5948},
  pages     = {8:1--8:6},
  articleno = {8},
  numpages  = {6}
}

@InProceedings{Tuya2009,
  author    = {Tuya, Javier and Su\'{a}rez-Cabal, M. Jos{\'e} and de la
          Riva, Claudio},
  title     = {{Query-Aware Shrinking Test Databases}},
  booktitle = {{Proceedings of the Second International Workshop on
          Testing Database Systems}},
  series    = {DBTest '09},
  year      = {2009},
  optisbn      = {978-1-60558-706-6},
  location  = {Providence, Rhode Island},
  pages     = {6:1--6:6},
  articleno = {6},
  numpages  = {6}
}

@Article{Tuya2010,
  author    = {Tuya, Javier and Su\'{a}rez-Cabal, Mar\'{\i}a Jos{\'e} and
          de la Riva, Claudio},
  title     = {Full Predicate Coverage for Testing {SQL} Database
          Queries},
  journal   = {{Software Testing, Verification and Reliability}},
  volume    = {20},
  number    = {3},
  OPTpublisher = {John Wiley & Sons, Ltd.},
  OPTissn      = {1099-1689},
  OPTurl       = {http://dx.doi.org/10.1002/stvr.424},
  optdoi       = {10.1002/stvr.424},
  OPTpages     = {237-288},
  keywords  = {software testing, database testing, MCDC, full predicate
          coverage, SQL},
  year      = {2010}
}

@InProceedings{Untch1992,
  author    = {Untch, Roland H.},
  title     = {Mutation-based software testing using program schemata},
  booktitle = {Proceedings of the 30th annual Southeast regional
          Conference},
  series    = {ACM-SE 30},
  year      = {1992},
  optisbn      = {0-89791-506-2},
  location  = {Raleigh, North Carolina},
  pages     = {285--291},
  numpages  = {7},
  opturl       = {http://doi.acm.org/10.1145/503720.503749},
  optdoi       = {10.1145/503720.503749},
  acmid     = {503749},
  publisher = {ACM},
  address   = {New York, NY, USA},
  keywords  = {Fault-based testing, mutation analysis, program schemata,
          software testing}
}

@InProceedings{Untch1993,
  author    = {Untch, Roland H. and Offutt, A. Jefferson and Harrold,
          Mary Jean},
  title     = {Mutation analysis using mutant schemata},
  booktitle = {Proceedings of the 1993 ACM SIGSOFT International
          symposium on Software Testing and Analysis},
  series    = {ISSTA '93},
  year      = {1993},
  optisbn      = {0-89791-608-5},
  location  = {Cambridge, Massachusetts, United States},
  pages     = {139--148},
  numpages  = {10},
  opturl       = {http://doi.acm.org/10.1145/154183.154265},
  optdoi       = {10.1145/154183.154265},
  acmid     = {154265},
  publisher = {ACM},
  address   = {New York, NY, USA},
  keywords  = {fault-based testing, mutation analysis, program schemata,
          software testing}
}

@Article{Vargha2000,
  author    = {Vargha, Andr{\'a}s and Delaney, Harold D.},
  title     = {A Critique and Improvement of the {CL} Common Language
          Effect Size Statistics of {McGraw} and {Wong}},
  volume    = {25},
  number    = {2},
  optpages  = {101--132},
  year      = {2000},
  journal   = {EBS}
}

@article {Wah2000,
  author = {Wah, K. S. How Tai},
  title = {A theoretical study of fault coupling},
  journal = {Software Testing, Verification and Reliability},
  volume = {10},
  number = {1},
  optissn = {1099-1689},
  pages = {3--45},
  year = {2000},
}

@article{Wah2003,
  title = {An analysis of the coupling effect I: single test data },
  journal = {Science of Computer Programming },
  volume = {48},
  number = {2‚Äì3},
  pages = {119 - 161},
  year = {2003},
  author = {K.S. How Tai Wah},
}

@article{Wang1996,
     title = {Beyond Accuracy: What Data Quality Means to Data Consumers},
     author = {Wang, Richard Y. and Strong, Diane M.},
     journal = {Journal of Management Information Systems},
     volume = {12},
     number = {4},
     pages = {5-33},
     year = {1996},
}

@InProceedings{Willmor2006b,
  author    = {David Willmor and Suzanne M Embury},
  title     = {Exploring test adequacy for database systems},
  booktitle = {3rd UK Software Testing Research workshop},
  year      = {2005},
  OPTpages     = {123--133}
}

@InProceedings{Willmor2006,
  author    = {Willmor, David and Embury, Suzanne M.},
  title     = {An intensional approach to the specification of test cases
          for database applications},
  booktitle = {Proceedings of the 28th International Conference on
          Software Engineering},
  optseries = {ICSE '06},
  year      = {2006}
}

@article{Wong1995,
  title = "Reducing the cost of mutation testing: An empirical study ",
  journal = "Journal of Systems and Software ",
  volume = "31",
  pages = "185 - 196",
  year = "1995",
  author = "W. Eric Wong and Aditya P. Mathur"
}

@InProceedings{Wright2013,
  author    = "Chris J. Wright and Gregory M. Kapfhammer and Phil McMinn",
  title     = "Efficient Mutation Analysis of Relational Database
          Structure Using Mutant Schemata and Parallelisation",
  booktitle = "Proc. of 8th Mutation",
  year      = "2013"
}

@InProceedings{Wright2014,
  title     = {The Impact of Equivalent, Redundant and Quasi Mutants on
          Database Schema Mutation Analysis},
  author    = {Wright, Chris J. and Kapfhammer, Gregory M. and McMinn,
          Phil},
  booktitle = {Proc. of 14th QSIC},
  year      = {2014}
}

@InProceedings{Yahalom2010,
  author    = {Yahalom, Ran and Shmueli, Erez and Zrihen, Tomer},
  title     = {{Constrained Anonymization of Production Data: A
          Constraint Satisfaction Problem Approach}},
  booktitle = {{Proceedings of the 7th Very Large Data Bases Conference
          on Secure Data Management}},
  series    = {SDM'10},
  year      = {2010},
  location  = {Singapore},
  pages     = {41--53},
  numpages  = {13}
}

@inproceedings{Yao2014,
  title={A study of equivalent and stubborn mutation operators using human analysis of equivalence},
  author={Yao, Xiangjuan and Harman, Mark and Jia, Yue},
  booktitle={Proceedings of the 36th International Conference on Software Engineering (ICSE)},
  pages={919--930},
  year={2014},
  organization={ACM}
}

@InProceedings{Zhang2010,
  author    = {Zhang, Lu and Hou, Shan-Shan and Hu, Jun-Jue and Xie, Tao
          and Mei, Hong},
  booktitle = {ACM/IEEE 32nd International Conference on Software
          Engineering, 2010},
  title     = {Is operator-based mutant selection superior to random
          mutant selection?},
  year      = {2010},
  month     = {may},
  volume    = {1},
  number    = {},
  pages     = {435 -444},
  keywords  = {mutation testing;operator-based mutant selection;random
          mutant selection;software testing;statistical
          analysis;program testing;statistical analysis;},
  optdoi       = {10.1145/1806799.1806863},
  optissn      = {0270-5257}
}

@InProceedings{Zhang2012,
  author    = {Zhang, Lingming and Marinov, Darko and Zhang, Lu and
          Khurshid, Sarfraz},
  title     = {Regression mutation testing},
  booktitle = {Proceedings of the 2012 International Symposium on
          Software Testing and Analysis},
  series    = {ISSTA 2012},
  year      = {2012},
  pages     = {331--341},
  numpages  = {11},
  publisher = {ACM},
  address   = {New York, NY, USA}
}

@InProceedings{Zhang2013,
  author    = {Zhang, Lingming and Marinov, Darko and Khurshid, Sarfraz},
  title     = {Faster Mutation Testing Inspired by Test Prioritization
          and Reduction},
  booktitle = {Proceedings of the International Symposium on Software
          Testing and Analysis},
  year      = {2013}
}

@Article{Zhou2011,
  author    = {Zhou, Chixiang and Frankl, Phyllis},
  title     = {{JDAMA}: Java database application mutation analyser},
  journal   = {Software Testing, Verification and Reliability},
  volume    = {21},
  number    = {3},
  year      = {2011}
}

@Article{Zhu1997,
  author    = {Zhu, Hong and Hall, Patrick A. V. and May, John H. R.},
  title     = {Software Unit Test Coverage and Adequacy},
  journal   = {ACM Computing Surveys},
  volume    = {29},
  number    = {4},
  year      = {1997}
}
